@Online {strategy,  title = {{CERN Digital Preservation strategy}},  date = {2023-02-15},  year = {2023},  file = {:./references/misc-CERNDPStrategy.pdf.html:html},  url = {https://digital-memory.web.cern.ch/misc/CERNDPStrategy.pdf},  urldate = {2023-04-12}}

@Online {CERNDigitalMemorybagitcreateGitLab-2023-02-17,  title = {{BagIt Create git repository on CERN GitLab}},  date = {2023-02-17},  year = {2023},  file = {:./references/digitalmemory-bagit-create.html:html},  url = {https://gitlab.cern.ch/digitalmemory/bagit-create},  urldate = {2023-04-05}}

@Online {CERNDigitalMemorySIPSpecGitLab-2021-09-15,  title = {{CERN Digital Memory / SIP Spec · GitLab}},  date = {2021-09-15},  year = {2021},  file = {:./references/digitalmemory-sip-spec.html:html},  url = {https://gitlab.cern.ch/digitalmemory/sip-spec},  urldate = {2023-04-05}}

@Online {InvenioRDMinveniosoftwareorg-2023-03-16,  title = {{InvenioRDM — inveniosoftware.org}},  date = {2023-03-16},  year = {2023},  file = {:./references/products-rdm-.html:html},  url = {https://inveniosoftware.org/products/rdm/},  urldate = {2023-04-12}}

@manual{OAIS2002,
  added-at = {2008-09-12T12:15:29.000+0200},
  biburl = {https://www.bibsonomy.org/bibtex/29a3071d3a754f11b547d8daa8d439fa1/hansgeorgbecker},
  interhash = {d81d1990c6a25e93776de70fd39e8237},
  intrahash = {9a3071d3a754f11b547d8daa8d439fa1},
  keywords = {OAIS Referenzmodell reference.model},
  month = {September},
  organization = {CCSDS - Consultative Committee for Space Data Systems},
  timestamp = {2008-09-12T12:15:29.000+0200},
  title = {Reference Model for an Open Archival Information System (OAIS), Pink (Pre-Magenta) BOOK, Issue 1},
  url = {https://digitalpreservation.is.ed.ac.uk/bitstream/handle/20.500.12734/52519/OAIS_final_v3_draft_with_changes_wrt_OAISv2_20190924-rl.pdf},
  year = 2019
}

@Online {Archivematica,  title = {Archivematica: open-source digital preservation system},  date = {2023-04-14},  year = {2023},  author = {{Artefactual Systems Inc.}},  file = {:./references/fr-.html:html},  url = {https://archivematica.org/},  urldate = {2023-04-14}}
